@inproceedings{ghosh2016plos,
  author    = {Saurav Ghosh and
               Prithwish Chakraborty and
               Bryan Lewis and
               Emily Cohn and
               Maia Majumder and
               John S. Brownstein and
               Naren Ramakrishnan},
  title     = {Guided Deep List: Automating the Generation of Epidemiological Line Lists from open sources},
  booktitle = {to be submitted to PLOS Medicine},
  year      = {2016},
  _url      = {http://dx.doi.org/10.1145/2983323.2983362},
  _doi      = {10.1145/2983323.2983362}
}

@inproceedings{ghosh2016cikm,
  author    = {Saurav Ghosh and
               Prithwish Chakraborty and
               Emily Cohn and
               John S. Brownstein and
               Naren Ramakrishnan},
  title     = {Characterizing Diseases from Unstructured Text: A Vocabulary Driven Word2vec Approach},
  booktitle = {Proceedings of the 25th ACM International Conference on Information and Knowledge Management (CIKM), Indianapolis, USA, October 24-28},
  year      = {2016},
  url       = {http://dx.doi.org/10.1145/2983323.2983362},
  _doi       = {10.1145/2983323.2983362}
}

@article{rekatsinas2016ASA,
  author    = {Theodoros Rekatsinas and
               Saurav Ghosh and
               Sumiko R. Mekaru and
               Elaine O. Nsoesie and
               John S. Brownstein and
               Lise Getoor and
               Naren Ramakrishnan},
  title     = {Forecasting Rare Disease Outbreaks from Open Source Indicators},
  journal   = {Accepted in Statistical Analysis and Data Mining: The ASA Data Science Journal},
  _volume    = {abs/1606.00411},
  year      = {2016},
  _url       = {http://arxiv.org/abs/1606.00411},
  _timestamp = {Fri, 01 Jul 2016 17:39:49 +0200},
  _biburl    = {http://dblp.uni-trier.de/rec/bib/journals/corr/GhoshCNCMBR16},
  _bibsource = {dblp computer science bibliography, http://dblp.org}
}

@article{IkbaleducationIBM,
  author    = {Shajith Ikbal and
               Ashay Tamhane and
               Bikram Sengupta and
               Malolan Chetlur and
               S. Ghosh and
               James Appleton},
  title     = {On early prediction of risks in academic performance for students},
  journal   = {{IBM} Journal of Research and Development},
  volume    = {59},
  number    = {6},
  year      = {2015},
  url       = {http://dx.doi.org/10.1147/JRD.2015.2458631},
  doi       = {10.1147/JRD.2015.2458631},
  timestamp = {Tue, 09 Feb 2016 15:52:37 +0100},
  biburl    = {http://dblp.uni-trier.de/rec/bib/journals/ibmrd/IkbalTSCGA15},
  bibsource = {dblp computer science bibliography, http://dblp.org}
}

@article{ghosh2016topic,
  author    = {Saurav Ghosh and
               Prithwish Chakraborty and
               Elaine O. Nsoesie and
               Emily Cohn and
               Sumiko R. Mekaru and
               John S. Brownstein and
               Naren Ramakrishnan},
  title     = {Temporal Topic Modeling to Assess Associations between News Trends
               and Infectious Disease Outbreaks},
  journal   = {CoRR},
  volume    = {abs/1606.00411},
  year      = {2016},
  url       = {http://arxiv.org/abs/1606.00411},
  _timestamp = {Fri, 01 Jul 2016 17:39:49 +0200},
  _biburl    = {http://dblp.uni-trier.de/rec/bib/journals/corr/GhoshCNCMBR16},
  _bibsource = {dblp computer science bibliography, http://dblp.org}
}

@inproceedings{ghosh2013forecasting,
  title={Forecasting Rare Disease Outbreaks with Spatio-temporal Topic Models},
  author={Ghosh, Saurav and Rekatsinas, Theodoros and Mekaru, Sumiko R and Nsoesie, Elaine O and Brownstein, John S and Getoor, Lise and Ramakrishnan, Naren},
  booktitle={NIPS workshop on Topic Models},
  year={2013}
}

@inproceedings{rekatsinassdm2015,
  author    = {Theodoros Rekatsinas and
               Saurav Ghosh and
               Sumiko R. Mekaru and
               Elaine O. Nsoesie and
               John S. Brownstein and
               Lise Getoor and
               Naren Ramakrishnan},
  title     = {SourceSeer: Forecasting Rare Disease Outbreaks Using Multiple Data
               Sources},
  booktitle = {Proceedings of the 2015 {SIAM} International Conference on Data Mining (SDM),
               Vancouver, BC, Canada, April 30 - May 2},
  pages     = {379--387},
  year      = {2015, \textbf{Recipient of Best Research Paper Award}},
  _crossref  = {DBLP:conf/sdm/2015},
  url       = {http://dx.doi.org/10.1137/1.9781611974010.43},
  _doi       = {10.1137/1.9781611974010.43},
  _timestamp = {Wed, 30 Dec 2015 16:24:50 +0100},
  _biburl    = {http://dblp.uni-trier.de/rec/bib/conf/sdm/RekatsinasGMNBG15},
  _bibsource = {dblp computer science bibliography, http://dblp.org}
}

@inproceedings{hao2015senegal,
    author={Hao Wu and Prithwish Chakraborty and Saurav Ghosh and Naren 
    Ramakrishnan},
    title={Forecasting Influenza in Senegal with Call Detail Records},
    booktitle={NETMOB, MIT Media Lab, April},
    year={2015},
}

@article{Islam2012SMC,
  author    = {Sk. Minhazul Islam and
               Swagatam Das and
               Saurav Ghosh and
               Subhrajit Roy and
               Ponnuthurai Nagaratnam Suganthan},
  title     = {An Adaptive Differential Evolution Algorithm With Novel Mutation and
               Crossover Strategies for Global Numerical Optimization},
  journal   = {{IEEE} Trans. Systems, Man, and Cybernetics, Part {B}},
  volume    = {42},
  number    = {2},
  pages     = {482--500},
  year      = {2012},
  url       = {http://dx.doi.org/10.1109/TSMCB.2011.2167966},
  doi       = {10.1109/TSMCB.2011.2167966},
  timestamp = {Wed, 09 Mar 2016 12:58:32 +0100},
  biburl    = {http://dblp.uni-trier.de/rec/bib/journals/tsmc/IslamDGRS12},
  bibsource = {dblp computer science bibliography, http://dblp.org}
}

@article{Saurav2012inf,
  author    = {Saurav Ghosh and
               Swagatam Das and
               Subhrajit Roy and
               Sk. Minhazul Islam and
               Ponnuthurai N. Suganthan},
  title     = {A Differential Covariance Matrix Adaptation Evolutionary Algorithm
               for real parameter optimization},
  journal   = {Information Sciences},
  volume    = {182},
  number    = {1},
  pages     = {199--219},
  year      = {2012},
  url       = {http://dx.doi.org/10.1016/j.ins.2011.08.014},
  doi       = {10.1016/j.ins.2011.08.014},
  timestamp = {Wed, 14 Dec 2011 14:01:32 +0100},
  biburl    = {http://dblp.uni-trier.de/rec/bib/journals/isci/GhoshDRIS12},
  bibsource = {dblp computer science bibliography, http://dblp.org}
}
